%YAML 1.1
%TAG !u! tag:unity3d.com,2011:
--- !u!1 &3755541425241579837
GameObject:
  m_ObjectHideFlags: 0
  m_CorrespondingSourceObject: {fileID: 0}
  m_PrefabInstance: {fileID: 0}
  m_PrefabAsset: {fileID: 0}
  serializedVersion: 6
  m_Component:
  - component: {fileID: 3755541425241579825}
  - component: {fileID: 3755541425241579826}
  - component: {fileID: 7043629232113800713}
  m_Layer: 11
  m_Name: monster_sprinter
  m_TagString: Untagged
  m_Icon: {fileID: 0}
  m_NavMeshLayer: 0
  m_StaticEditorFlags: 0
  m_IsActive: 1
--- !u!4 &3755541425241579825
Transform:
  m_ObjectHideFlags: 0
  m_CorrespondingSourceObject: {fileID: 0}
  m_PrefabInstance: {fileID: 0}
  m_PrefabAsset: {fileID: 0}
  m_GameObject: {fileID: 3755541425241579837}
  m_LocalRotation: {x: 0, y: 0, z: 0, w: 1}
  m_LocalPosition: {x: 0, y: 0, z: 0}
  m_LocalScale: {x: 1, y: 1, z: 1}
  m_Children:
  - {fileID: 6283592433027305127}
  m_Father: {fileID: 0}
  m_RootOrder: 0
  m_LocalEulerAnglesHint: {x: 0, y: 0, z: 0}
--- !u!114 &3755541425241579826
MonoBehaviour:
  m_ObjectHideFlags: 0
  m_CorrespondingSourceObject: {fileID: 0}
  m_PrefabInstance: {fileID: 0}
  m_PrefabAsset: {fileID: 0}
  m_GameObject: {fileID: 3755541425241579837}
  m_Enabled: 1
  m_EditorHideFlags: 0
  m_Script: {fileID: 11500000, guid: 3c0e7543636877540b93e11cec100716, type: 3}
  m_Name: 
  m_EditorClassIdentifier: 
  resultingAngleIndex: 0
  animations:
  - name: run
    frames:
    - angles:
      - {fileID: 2800000, guid: 8b9f363b6f80d234ea852d82e50bd633, type: 3}
      - {fileID: 2800000, guid: 447535c65becd8c40b13967baef581e0, type: 3}
      - {fileID: 2800000, guid: 3c0c054d2a262984284b6c1263ae8239, type: 3}
      - {fileID: 2800000, guid: 6fa7ad79182be2547917069dda9f7c30, type: 3}
      - {fileID: 2800000, guid: f26f83993c76fb0488f6bb3e7bd2f8c4, type: 3}
      - {fileID: 2800000, guid: 19256b9e2c274f34cbcad987e60d350d, type: 3}
      - {fileID: 2800000, guid: f8241591d2cd6a847abc0b98c012b6b9, type: 3}
      - {fileID: 2800000, guid: 50987a41339f3b048a0646bf58621bee, type: 3}
      soundEffect_prefab: {fileID: 0}
      soundEffect_inst: {fileID: 0}
    - angles:
      - {fileID: 2800000, guid: 5dc68789a5f1c064dbbca3b5218e48c7, type: 3}
      - {fileID: 2800000, guid: 06ead99c6bb46bd4b9ab79307227c415, type: 3}
      - {fileID: 2800000, guid: 798e42a8d99ea6d49bcea70104e51e41, type: 3}
      - {fileID: 2800000, guid: 67dbb1e71b2d2ac49bf1a9103d0345ea, type: 3}
      - {fileID: 2800000, guid: 3ff1e1e6a4b6dcc4298ccbe05e96e02d, type: 3}
      - {fileID: 2800000, guid: d3b4d31f34e895442acaad7f643dcd37, type: 3}
      - {fileID: 2800000, guid: 88c5357994432114f9aab7117bcde5e4, type: 3}
      - {fileID: 2800000, guid: f27874dfefcd9d641ad7487947b65e4f, type: 3}
      soundEffect_prefab: {fileID: 0}
      soundEffect_inst: {fileID: 0}
    - angles:
      - {fileID: 2800000, guid: a7fc7de30a6d0284abed4b8704129600, type: 3}
      - {fileID: 2800000, guid: 20705cb0ab894ea4f8174f3249b0a2fc, type: 3}
      - {fileID: 2800000, guid: 396698ead3816fe43a32bc63bbd3efd9, type: 3}
      - {fileID: 2800000, guid: c42b0c4434f953347b618cac28b3ebb2, type: 3}
      - {fileID: 2800000, guid: 6f125d5e3d1187d41b6decdf8b26031c, type: 3}
      - {fileID: 2800000, guid: 0decf14fdc9a46f468c6b2ac619370d0, type: 3}
      - {fileID: 2800000, guid: 51d6c9b50ec380944bcfeae6c060dfb5, type: 3}
      - {fileID: 2800000, guid: 5a80dcedee37c194185fe26864173366, type: 3}
      soundEffect_prefab: {fileID: 0}
      soundEffect_inst: {fileID: 0}
    - angles:
      - {fileID: 2800000, guid: 517e0b7e4af547b41ab13917621d101e, type: 3}
      - {fileID: 2800000, guid: 212c98fcca805c240b1a29bd945d7db3, type: 3}
      - {fileID: 2800000, guid: 17852bf19ea8cde45bec8e9ef8a776db, type: 3}
      - {fileID: 2800000, guid: 449c0c9ea757f5a48a5882874e8d578c, type: 3}
      - {fileID: 2800000, guid: f131040e2cff5c6429cabfb45220713d, type: 3}
      - {fileID: 2800000, guid: 3b013bf30faf2ae4f8d5e57cae20a832, type: 3}
      - {fileID: 2800000, guid: 6545125e5f4e04947baf9b4fd399218b, type: 3}
      - {fileID: 2800000, guid: c2cedc6408e2baf4fac87abe921c0923, type: 3}
      soundEffect_prefab: {fileID: 0}
      soundEffect_inst: {fileID: 0}
    goToAnim_destination: 
    animType: 1
    playbackRate: 11
    frameIndex: 0
    nextFrameTimer: 0
    angleIndex: 0
  renderCol: {r: 1, g: 1, b: 1, a: 1}
  renderCol_orig: {r: 0, g: 0, b: 0, a: 0}
--- !u!114 &7043629232113800713
MonoBehaviour:
  m_ObjectHideFlags: 0
  m_CorrespondingSourceObject: {fileID: 0}
  m_PrefabInstance: {fileID: 0}
  m_PrefabAsset: {fileID: 0}
  m_GameObject: {fileID: 3755541425241579837}
  m_Enabled: 1
  m_EditorHideFlags: 0
  m_Script: {fileID: 11500000, guid: c2714bf3bc7d7d143bcd07865f52bea7, type: 3}
  m_Name: 
  m_EditorClassIdentifier: 
  health_max: 30
  health_current: 0
  invulnerable: 0
  awarenessRadius: 0
  damage: 30
  killBounty: 30
  moveSpeed: 6.5
  pathScr: {fileID: 0}
  preciousObjectDamageRate: 3
  matchManageScr: {fileID: 0}
  nextWaveMonster_hudIcon: {fileID: 21300000, guid: d33f421031dfca346aad1864649d2a3b, type: 3}
  entityStatBarRaise: 1.5
  entityCanv_entityName: Sprinter
  slowdownMode: 0
  towerSearchRay: {fileID: 5370882069993428085}
  towerCheckRate: 0.5
  lerpToTower_moveSpeedBoostMultiplier: 1.3
  postTargetCooldownLength: 3
--- !u!1 &4587383259176027122
GameObject:
  m_ObjectHideFlags: 0
  m_CorrespondingSourceObject: {fileID: 0}
  m_PrefabInstance: {fileID: 0}
  m_PrefabAsset: {fileID: 0}
  serializedVersion: 6
  m_Component:
  - component: {fileID: 6283592433027305127}
  - component: {fileID: 5370882069993428085}
  m_Layer: 0
  m_Name: towerSearchRay
  m_TagString: Untagged
  m_Icon: {fileID: 0}
  m_NavMeshLayer: 0
  m_StaticEditorFlags: 0
  m_IsActive: 1
--- !u!4 &6283592433027305127
Transform:
  m_ObjectHideFlags: 0
  m_CorrespondingSourceObject: {fileID: 0}
  m_PrefabInstance: {fileID: 0}
  m_PrefabAsset: {fileID: 0}
  m_GameObject: {fileID: 4587383259176027122}
  m_LocalRotation: {x: -0, y: -0, z: -0, w: 1}
  m_LocalPosition: {x: 0, y: 0.27, z: 0}
  m_LocalScale: {x: 1, y: 1, z: 1}
  m_Children: []
  m_Father: {fileID: 3755541425241579825}
  m_RootOrder: 0
  m_LocalEulerAnglesHint: {x: 0, y: 0, z: 0}
--- !u!114 &5370882069993428085
MonoBehaviour:
  m_ObjectHideFlags: 0
  m_CorrespondingSourceObject: {fileID: 0}
  m_PrefabInstance: {fileID: 0}
  m_PrefabAsset: {fileID: 0}
  m_GameObject: {fileID: 4587383259176027122}
  m_Enabled: 1
  m_EditorHideFlags: 0
  m_Script: {fileID: 11500000, guid: 8946c411104e2b347a888d5f4a9df048, type: 3}
  m_Name: 
  m_EditorClassIdentifier: 
  updateType_enum: 0
  direction: 10
  rayLength: 10000
  ray_layers:
    serializedVersion: 2
    m_Bits: 1280
  ray_active: 0
  ray_surface: {fileID: 0}
  ray_hitPoint: {x: 0, y: 0, z: 0}
  ray_disabled: 0
  excludeFromDebugDraw: 1
  customDir_vec: {x: 0, y: 0, z: 0}
  rayCol: {r: 0.1911776, g: 1, b: 0, a: 1}
